
@data{DVN/VYKTI5_2022,
author = {Funk, Luke},
publisher = {Harvard Dataverse},
title = {{Single-cell data for ``The phenotypic landscape of essential human genes''}},
year = {2022},
version = {DRAFT VERSION},
doi = {10.7910/DVN/VYKTI5},
url = {https://doi.org/10.7910/DVN/VYKTI5}
}

@misc{LukeFunk2022,
   author = {Luke Funk},
   title = {{The phenotypic landscape of essential human genes}},
   year = {2022},
   howpublished= {\url{https://www.ebi.ac.uk/biostudies/bioimages/studies/S-BIAD394}}
 }